@inproceedings{zhu2017unpaired,
  title={Unpaired image-to-image translation using cycle-consistent adversarial networks},
  author={Zhu, Jun-Yan and Park, Taesung and Isola, Phillip and Efros, Alexei A},
  booktitle={Proceedings of the IEEE international conference on computer vision},
  pages={2223--2232},
  year={2017}
}

@inproceedings{isola2017image,
  title={Image-to-image translation with conditional adversarial networks},
  author={Isola, Phillip and Zhu, Jun-Yan and Zhou, Tinghui and Efros, Alexei A},
  booktitle={Proceedings of the IEEE conference on computer vision and pattern recognition},
  pages={1125--1134},
  year={2017}
}

@inproceedings{brunner2018symbolic,
  title={Symbolic music genre transfer with cyclegan},
  author={Brunner, Gino and Wang, Yuyi and Wattenhofer, Roger and Zhao, Sumu},
  booktitle={2018 IEEE 30th International Conference on Tools with Artificial Intelligence (ICTAI)},
  pages={786--793},
  year={2018},
  organization={IEEE}
}

@misc{midiSpec,
  url={https://www.midi.org/specifications-old/item/general-midi},
  journal={General MIDI (GM 1)},
  author={MIDI Manufacturers Association}
}